@misc{AM2302,
	title = {{AM2302} (wired {DHT22}) temperature-humidity sensor},
	url = {https://www.adafruit.com/product/393},
	abstract = {Discontinued - you can grab AM2301B - Wired Enclosed AHT20 - Temperature and Humidity Sensor\&nbsp;instead!The AM2302 is a wired version of the DHT22, in a large plastic body. It is a basic,  ...},
	language = {en-US},
	urldate = {2024-02-14},
	author = {Industries, Adafruit},
	file = {Snapshot:C\:\\Users\\hagen\\Zotero\\storage\\3JJ26FE4\\393.html:text/html},
}

@misc{Adafruit_DHT,
	title = {adafruit/{Adafruit}\_CircuitPython\_DHT},
	copyright = {MIT},
	url = {https://github.com/adafruit/Adafruit_CircuitPython_DHT},
	abstract = {CircuitPython support for DHT11 and  DHT22 type temperature/humidity devices},
	urldate = {2024-02-15},
	publisher = {Adafruit Industries},
	month = jan,
	year = {2024},
	note = {original-date: 2017-09-18T19:18:29Z},
	keywords = {hacktoberfest},
}

@misc{PRT-14017,
	title = {{PRT}-14017 footprint \& symbol by {SparkFun} {Electronics} {\textbar} {SnapMagic} {Search}},
	url = {https://www.snapeda.com/parts/PRT-14017/SparkFun%20Electronics/view-part/},
	urldate = {2024-02-15},
	file = {PRT-14017 footprint & symbol by SparkFun Electronics | SnapMagic Search:C\:\\Users\\hagen\\Zotero\\storage\\5L7VXCL9\\view-part.html:text/html},
}
@misc{W237-103,
	title = {237-103},
	url = {https://www.digikey.at/de/products/detail/wago-corporation/237-103/15539605},
	abstract = {Heute bestellt, heute ausgeliefert. 237-103 – 3 Klemmleisten Anschlussblöcke - Draht zu Board Horizontal mit Platine 0,197" (5,00mm) Durchkontaktierung von WAGO Corporation. Preisgestaltung und Verfügbarkeit für Millionen von elektronischen Komponenten von DigiKey.},
	language = {de-at},
	urldate = {2024-02-15},
	journal = {Digi-Key Electronics},
	file = {Snapshot:C\:\\Users\\hagen\\Zotero\\storage\\W9RJIX24\\15539605.html:text/html},
}
@misc{4-polige-Schraubklemme,
	title = {{CTB0502}-4 - {Lötbare} {Schraubklemme} - 4-pol, {RM} 5 mm, 90°},
	url = {https://www.reichelt.at/at/de/loetbare-schraubklemme-4-pol-rm-5-mm-90--ctb0502-4-p292693.html},
	abstract = {flaches Profil2- bis 12- polige Doppelverriegelung für erhöhte Kräftemassive Blöcke mit 4 bis 12 Steckplätzen, stapelbarunverlierbare SchraubenSpannungsfestigkeit - AC1500 V/1 minSchraube/Drehmo [...]},
	language = {de},
	urldate = {2024-02-15},
	journal = {Elektronik und Technik bei reichelt elektronik günstig bestellen},
	author = {Team (webmaster@reichelt.de), reichelt elektronik GmbH Internet},
	file = {Snapshot:C\:\\Users\\hagen\\Zotero\\storage\\QVYTPZHT\\loetbare-schraubklemme-4-pol-rm-5-mm-90--ctb0502-4-p292693.html:text/html},
}
@misc{SOLIDWORKS,
	title = {{SOLIDWORKS}},
	url = {https://www.solidworks.com/de},
	urldate = {2024-02-15},
}
@misc{Solidworks-Logo,
	title = {solidworks-connect\_2.jpg ({JPEG}-{Grafik}, 1518 × 644 {Pixel}) - {Skaliert} (84\%)},
	url = {https://www.solidworks.com/sites/default/files/inline-images/solidworks-connect_2.jpg},
	urldate = {2024-02-15},
}
@misc{Grafische-Oberfläche ,
	title = {pixel.jpg ({JPEG}-{Grafik}, 750 × 422 {Pixel})},
	url = {https://i.ds.at/GMLBkw/rs:fill:750:0/plain/2016/09/29/pixel.jpg},
	urldate = {2024-02-15},
}
@misc{Befehlszeile,
	title = {lcd-sudo-su.png ({PNG}-{Grafik}, 672 × 423 {Pixel})},
	url = {https://www.circuitbasics.com/wp-content/uploads/2015/02/lcd-sudo-su.png},
	urldate = {2024-02-15},
}
@misc{raspberry_Konfiguartion,
	title = {Raspberry {Pi}: {Erste} {Schritte} bei der {Konfiguration} ({Grundkonfiguration})},
	shorttitle = {Raspberry {Pi}},
	url = {https://www.elektronik-kompendium.de/sites/raspberry-pi/1906291.htm},
	urldate = {2024-02-15},
	file = {Snapshot:C\:\\Users\\hagen\\Zotero\\storage\\6VE4BCXI\\1906291.html:text/html},
}
@misc{JLCPCB,
	title = {{JLCPCB} {Free} online {Easy} {Gerber} {Viewer}},
	url = {https://jlcpcb.com/RGE},
	urldate = {2024-02-16},
}
@misc{UV-Lampe,
	title = {{MEEKBOS} {UV} {Schwarzlicht} {Strahler},{60W} {LED} {Schwarzlichtlampe},385-{400NM} {IP66} {Wasserdicht} {UV} {Flutlicht} mit {Stecker},{UV} {Fluter} für {Black} light {Party},{GLOW},{Fluoreszierende} {Malerei},{Körperbemalung},{Halloween} : {Amazon}.de: {Beleuchtung}},
	url = {https://www.amazon.de/dp/B09Y34KSR5?psc=1&ref=ppx_yo2ov_dt_b_product_details},
	urldate = {2024-02-18},
}
@misc{FastAPI,
	title = {{FastAPI}},
	copyright = {MIT},
	url = {https://github.com/tiangolo/fastapi},
	abstract = {FastAPI framework, high performance, easy to learn, fast to code, ready for production},
	urldate = {2024-02-18},
	author = {Ramírez, Sebastián},
	month = feb,
	year = {2024},
	note = {original-date: 2018-12-08T08:21:47Z},
}
@misc{uvicorn,
	title = {Uvicorn},
	url = {https://www.uvicorn.org/},
	urldate = {2024-02-18},
}
@misc{Thonny,
	title = {Thonny, {Python} {IDE} for beginners},
	url = {https://thonny.org/},
	urldate = {2024-02-19},
	file = {Thonny, Python IDE for beginners:C\:\\Users\\hagen\\Zotero\\storage\\QWQZ8NRQ\\thonny.org.html:text/html},
}
@misc{Logo-Thonny,
	title = {thonny-{Thonny}-icon.png ({WEBP}-{Grafik}, 224 × 224 {Pixel})},
	url = {https://images.sftcdn.net/images/t_app-icon-m/p/b7c6837f-d3d8-48a2-985a-aae1988e1ac3/524712048/thonny-Thonny-icon.png},
	urldate = {2024-02-19},
}
@misc{Relais,
	title = {{GRV} {RELAY} {SPDT30} - {Arduino} - {Relais} {SPDT}, 30 {A}, {SLA}-{05VDC}-{SL}-{C}},
	url = {https://www.reichelt.at/at/de/arduino-relais-spdt-30-a-sla-05vdc-sl-c-grv-relay-spdt30-p243033.html},
	abstract = {Das SPDT-Relais (30 A) ist ein hochwertiges einpoliges Zweiwege-Relais (SPDT), das aus einer Spule, einer gemeinsamen Klemme, einer Öffnerklemme (NC) und einer Schließerklemme (NO) besteht. Wenn [...]},
	language = {de},
	urldate = {2024-02-19},
	journal = {Elektronik und Technik bei reichelt elektronik günstig bestellen},
	author = {Team (webmaster@reichelt.de), reichelt elektronik GmbH Internet},
	file = {Snapshot:C\:\\Users\\hagen\\Zotero\\storage\\AC5TBV6F\\arduino-relais-spdt-30-a-sla-05vdc-sl-c-grv-relay-spdt30-p243033.html:text/html},
}
@misc{Magnet,
	title = {{OCEUMAOA} {Neodym} {Magnete} mit {Loch} 30kg {Magnete} {Stark},{Magnet} zum {Anschrauben} mit {Schrauben} für {Werkstatteinrichtung} {Zubehör} 25mm 4 {Stück} : {Amazon}.de: {Küche}, {Haushalt} \& {Wohnen}},
	url = {https://www.amazon.de/dp/B0C61QL9LD/ref=sspa_dk_detail_2?pd_rd_i=B0C61QL9LD&pd_rd_w=JicHo&content-id=amzn1.sym.ae2317a0-2175-4285-af64-66539858231f&pf_rd_p=ae2317a0-2175-4285-af64-66539858231f&pf_rd_r=G92WGWQ0R5PSNDPJP713&pd_rd_wg=9E3cK&pd_rd_r=3d5d3a39-475d-4c21-85cd-c5ad2e74ff9f&s=industrial&sp_csd=d2lkZ2V0TmFtZT1zcF9kZXRhaWw&th=1},
	urldate = {2024-02-22},
}
@misc{Beispielbild_Magnet,
	title = {{61QHrBwsDuL}.\_SL1500\_.jpg ({JPEG}-{Grafik}, 1500 × 1500 {Pixel}) - {Skaliert} (37\%)},
	url = {https://m.media-amazon.com/images/I/61QHrBwsDuL._SL1500_.jpg},
	urldate = {2024-02-22},
}
@misc{TU_Wien_Spaceteam,
	title = {Homepage},
	url = {https://spaceteam.at/},
	abstract = {Projekte},
	language = {de-AT},
	urldate = {2024-02-22},
	journal = {TU Wien Space Team},
}
@misc{OMICRON_electronics_GmbH,
	title = {OMICRON} {\textbar} {Innovative} {Prüflösungen} für die {Energietechnik}},
	url = {https://www.omicronenergy.com/de/},
	abstract = {OMICRON entwickelt innovative Produkte und Dienstleistungen für die elektrische Energiewirtschaft.},
	language = {de},
	urldate = {2024-02-22},
}
@misc{Bachmann_electronic_GmbH,
	title = {Bachmann electronic {GmbH} - {Bachmann} electronic {GmbH}},
	url = {https://www.bachmann.info/de},
	urldate = {2024-02-22},
}
@misc{Hefel_Technik_GmbH,
	title = {Hefel {Technik} auf {Facebook}},
	url = {https://www.hefel-technik.com/},
	abstract = {Engineering im Bereich Automatisierungstechnik - Lösungen für Pneumatik-, elektrische Antriebstechnik und industrielle Bildverarbeitung sowie Hydraulik.},
	language = {de-AT},
	urldate = {2024-02-22},
}
@misc{Tschabrun_Hermann_Gesellschaft,
    title = {Tschabrun {Holz}- und {Baustoffe} in {Rankweil}, {Bludenz}-{Bürs} und {Innsbruck} {\textbar} {Tschabrun} {Holz} \& {Baustoffe} - {Starke} {Produkte}. {Starke} {Beratung}.},
    url = {https://www.tschabrun.at/},
    abstract = {Bau- und Dämmstoffe, Schnittholz, Furniere, Plattenwerkstoffe, Konstruktionsholz/Hobelware, Terrasse oder Garten, Trockenbau / Baustoffe, das alles gibt es bei Tschabrun Holz- und Baustoffe in Rankweil, Vorarlberg.},
    language = {de},
    urldate = {2024-02-22},
}

@misc{robogmbh,
	title = {Robotunits – {Der} {Automatisierungsbaukasten}},
	url = {https://robotunits.com/},
	abstract = {Der Automatisierungsbaukasten von Robotunits bietet ein Maximum an Möglichkeiten mit einem Minimum an Komponenten. Genial einfach - einfach genial.},
	language = {de\_DE},
	urldate = {2024-02-22},
	journal = {Robotunits},
}
@misc{BMP180,
	title = {{AZDelivery} {GY}-68 {BMP180} {Barometrischer} {Luftdruck} und {Temperatur} {Sensor} kompatibel mit {Arduino} und {Raspberry} {Pi} inklusive {E}-{Book}! : {Amazon}.de: {Gewerbe}, {Industrie} \& {Wissenschaft}},
	url = {https://www.amazon.de/dp/B07D8S617X?ref=ppx_yo2ov_dt_b_product_details&th=1},
	urldate = {2024-02-22},
}

@misc{VScode,
	title = {Visual {Studio} {Code} - {Code} {Editing}. {Redefined}},
	url = {https://code.visualstudio.com/},
	abstract = {Visual Studio Code is a code editor redefined and optimized for building and debugging modern web and cloud applications.  Visual Studio Code is free and available on your favorite platform - Linux, macOS, and Windows.},
	language = {en},
	urldate = {2024-02-23},
}
@misc{Logo_VSCode,
	title = {Visual\_Studio\_Code\_1.35\_icon.svg.png ({PNG}-{Grafik}, 768 × 768 {Pixel}) - {Skaliert} (73\%)},
	url = {https://upload.wikimedia.org/wikipedia/commons/thumb/9/9a/Visual_Studio_Code_1.35_icon.svg/768px-Visual_Studio_Code_1.35_icon.svg.png},
	urldate = {2024-02-23},
}

@misc{BMP180bib,
	title = {circuitpython-bmp180: {CircuitPython} driver for the bmp180 sensor},
	copyright = {OSI Approved :: MIT License},
	shorttitle = {circuitpython-bmp180},
	url = {https://github.com/jposada202020/CircuitPython_bmp180},
	urldate = {2024-02-24},
	keywords = {adafruit,, barometric,, blinka,, bmp180,, circuitpython,, driver,, micropython,, pressure,, sensor, Software Development - Embedded Systems, Software Development - Libraries, System - Hardware},
	file = {Snapshot:C\:\\Users\\hagen\\Zotero\\storage\\EZZNGSK3\\circuitpython-bmp180.html:text/html},
}
@misc{Netatmo,
	title = {Smart {Home} {Weather} {Station}},
	url = {https://www.netatmo.com/en-eu/smart-weather-station},
	abstract = {Access your Smart Home Weather Station’s readings in real-time on your smartphone and discover all the secrets of your environment.},
	language = {en-EU},
	urldate = {2024-02-24},
	journal = {Netatmo},
}
@misc{GETvsPOST,
	title = {{GET} vs. {POST} – die beiden wichtigsten {HTTP}-{Requests} im {Vergleich}},
	url = {https://www.ionos.at/digitalguide/websites/web-entwicklung/get-vs-post/},
	abstract = {Die HTTP-Requests GET und POST führen zum selben Ergebnis, unterscheiden sich aber grundlegend. Worauf es bei der Wahl GET vs. POST ankommt, erfahren Sie hier.},
	language = {de-AT},
	urldate = {2024-02-24},
	journal = {IONOS Digital Guide},
	month = apr,
	year = {2020},
	file = {Snapshot:C\:\\Users\\hagen\\Zotero\\storage\\XL7BVLFI\\get-vs-post.html:text/html},
}
@misc{SwaggerUI,
	title = {Features - {FastAPI}},
	url = {https://fastapi.tiangolo.com/features/},
	abstract = {FastAPI framework, high performance, easy to learn, fast to code, ready for production},
	language = {en},
	urldate = {2024-02-24},
	file = {Snapshot:C\:\\Users\\hagen\\Zotero\\storage\\QARDYV9U\\features.html:text/html},
}

@misc{LTR390,
	title = {Adafruit {LTR390} {UV} {Light} {Sensor} 300 to 350nm {STEMMA} {QT} {Qwiic} 4831 - {E}, 6,95 €},
	url = {https://eckstein-shop.de/Adafruit-LTR390-UV-Light-Sensor-300-to-350nm-STEMMA-QT-Qwiic},
	abstract = {Entdecken Sie bei Eckstein Komponente eine Vielzahl an Elektronikprodukten – von epaper eink displays bis hin zu Entwicklungsbrettern wie Raspberry Pi und A},
	language = {de},
	urldate = {2024-02-24},
	journal = {Adafruit LTR390 UV Light Sensor 300 to 350nm STEMMA QT Qwiic 4831 - E, 6,95 €},
	file = {Snapshot:C\:\\Users\\hagen\\Zotero\\storage\\TU7KTPMV\\Adafruit-LTR390-UV-Light-Sensor-300-to-350nm-STEMMA-QT-Qwiic.html:text/html},
}
@misc{UV-Sensor,
	title = {{UV}-{Sensor}-{C}-1.jpg ({JPEG}-{Grafik}, 450 × 338 {Pixel})},
	url = {https://www.waveshare.com/w/A6Y79bcq/Kdy80nYY.php?f=UV-Sensor-C-1.jpg&width=450},
	urldate = {2024-02-24},
}
@misc{Eagle,
	title = {Autodesk {Eagle}},
	url = {http://eagle.autodesk.com/eagle/software-versions/1},
	urldate = {2024-02-28},
}
@misc{GanttProject,
	title = {{GanttProject}: {Free} {Project} {Management} {App}},
	url = {https://www.ganttproject.biz/},
	urldate = {2024-03-04},
}
@misc{MeanWell,
	title = {{MeanWell} {LRS}-100-24 {108W} {24V} 4,{5A} {Industrielles} {Netzteil} : {Amazon}.de: {Computer} \& {Zubehör}},
	url = {https://www.amazon.de/dp/B06XWR8RGJ?ref=ppx_yo2ov_dt_b_product_details&th=1},
	urldate = {2024-03-04},
}
@misc{Raspberry,
	title = {Raspberry {Pi} 4 {Modell} {B} 4 {GB} {RAM}, {Cortex}-{A72} 64 {Bit} {Wi}-{FI} {Bluetooth}: {Amazon}.de: {Computer} \& {Zubehör}},
	url = {https://www.amazon.de/gp/product/B0C7KXMP7W/ref=ppx_yo_dt_b_asin_title_o07_s00?ie=UTF8&psc=1},
	urldate = {2024-03-04},
}
@misc{Treiber,
	title = {Twotrees {DM542} 5.{6A} {Schrittmotortreiber} {Stepper} {Treiber}, {Dm542} 2 {Phasen} {Schrittmotortreiber} {Dc} 18-48v 57/86 {Stepper} {Motor} {Driver} {Peak} 4.2a : {Amazon}.de: {Gewerbe}, {Industrie} \& {Wissenschaft}},
	url = {https://www.amazon.de/dp/B093LFXT5S?ref=ppx_yo2ov_dt_b_product_details&th=1},
	urldate = {2024-03-04},
}
@misc{Schrittmotor,
	title = {{STEPPERONLINE} {Schrittmotor} {Nema} 17 {Stepper} {Motor} {59Ncm} {2A} 1.8deg 2 {Phase} 4-{Draht} {Stepping} {Motor} w/1m {Kabel} \& {Verbinder} für {3D} {Drucker}/{CNC} {Reprap} : {Amazon}.de: {Gewerbe}, {Industrie} \& {Wissenschaft}},
	url = {https://www.amazon.de/dp/B00PNEQKC0?psc=1&ref=ppx_yo2ov_dt_b_product_details},
	urldate = {2024-03-04},
}
@misc{Verbinder,
	title = {Verbinder 40x40 {\textbar} {Robotunits} {Verbindungstechnik} {Raster} 40},
	url = {https://robotunits.com/shop/profil-und-verbindungstechnik/verbindungstechnik-raster-40/verbinder-40x40/?_gl=1*1aqg5as*_up*MQ..&gclid=CjwKCAiAqNSsBhAvEiwAn_tmxSP6zdLT_F1BTP2o3lHqzjZf7ORmw6HcQwWkvvrNG_26JvM0blCGJBoCeVMQAvD_BwE},
	urldate = {2024-03-04},
	file = {Verbinder 40x40 | Robotunits Verbindungstechnik Raster 40:C\:\\Users\\hagen\\Zotero\\storage\\XTLBPZHB\\verbinder-40x40.html:text/html},
}
@misc{alu,
	title = {Alu {Profile} 40 x 40 bis 80 x 80 {\textbar} {Robotunits}},
	url = {https://robotunits.com/produkt-kategorie/profil-und-verbindungstechnik/profiltechnik-raster-40/?_gl=1*fndd4f*_up*MQ..&gclid=CjwKCAiAqNSsBhAvEiwAn_tmxSP6zdLT_F1BTP2o3lHqzjZf7ORmw6HcQwWkvvrNG_26JvM0blCGJBoCeVMQAvD_BwE},
	urldate = {2024-03-04},
}
@misc{LTR390,
	title = {adafruit-circuitpython-ltr390: {Adafruit} {CircuitPython} library for the {LTR390}},
	copyright = {OSI Approved :: MIT License},
	shorttitle = {adafruit-circuitpython-ltr390},
	url = {https://github.com/adafruit/Adafruit_CircuitPython_LTR390},
	urldate = {2024-03-08},
	keywords = {adafruit,, blinka,, circuitpython,, ltr390,, micropython,, sensor, Software Development - Embedded Systems, Software Development - Libraries, System - Hardware, UV,},
	file = {Snapshot:C\:\\Users\\hagen\\Zotero\\storage\\L3EWDBB6\\adafruit-circuitpython-ltr390.html:text/html},
}
@booklet{Ventil,
    url = {https://www.airwork-pneumatic.com/wp-content/uploads/2016/11/VY_solenoid_valves_2021.pdf},
    title = "Datenblatt VY-83ELB00-T"
}
@booklet{VakuumEjektor,
    url = {https://www.parker.com/literature/Pneumatics%20Division%20Europe/PDE-Documents/Vacuum%20Generators_Technical%20Catalogue-DE.pdf},
    title = "Datenblatt Vakuum Ejektor"
}
@misc{PneumatischerVibrator,
	title = {Pneumatischer {Vibrator} 245-4000 {N} 7500-34100 {Mal}/min {Balltyp} {Filtersieb}},
	url = {https://www.ebay.de/itm/176052899010},
	abstract = {Typ: Balltyp. 1 Pneumatischer Vibrator. Nennfrequenz: 7500-34100 mal/min.  Spezialfett: Mit einem speziellen Fett vibriert der Kolben mit dem Kolben außerhalb des Gehäuses und hat eine lange Lebensdauer.},
	language = {de-de},
	urldate = {2024-03-10},
	journal = {eBay},
}
@misc{KY-024,
	title = {{ARD} {SEN} {HALL3}: {Arduino} - {Hall}-{Magnet}-{Sensor}, linear bei reichelt kaufen},
	url = {https://www.reichelt.at/at/de/shopat/produkt/arduino_-_hall-magnet-sensor_linear-282517?PROVID=2807&gad_source=1&gclid=CjwKCAjw7-SvBhB6EiwAwYdCAbZ7Ol-FbjLjSRpjVmrhAa5qN7-wLTtEN4oU8bHXUSue7ac6Dxl5tBoCSloQAvD_BwE&q=%2Fat%2Fde%2Fshopat%2Fat%2Fde%2Farduino-hall-magnet-sensor-linear-ard-sen-hall3-p282517.html},
	urldate = {2024-03-19},
	file = {ARD SEN HALL3\: Arduino - Hall-Magnet-Sensor, linear bei reichelt kaufen:C\:\\Users\\hagen\\Zotero\\storage\\X4MFJEAH\\arduino_-_hall-magnet-sensor_linear-282517.html:text/html},
}
@misc{KY-053,
	title = {{RPI} {ADC}: {Raspberry} {Pi} - {Analog}/{Digital} {Konverter} bei reichelt kaufen},
	url = {https://www.reichelt.at/at/de/shopat/produkt/raspberry_pi_-_analog_digital_konverter-226847?PROVID=2807&gad_source=1&gclid=CjwKCAjw7-SvBhB6EiwAwYdCAdMjdMf7eZKzJNCL_2VYPVofDJnrXHpxryPIag0MNFIP9oVM3vPepRoCYOEQAvD_BwE&q=%2Fat%2Fde%2Fshopat%2Fat%2Fde%2Fraspberry-pi-analog-digital-konverter-rpi-adc-p226847.html},
	urldate = {2024-03-19},
	file = {RPI ADC\: Raspberry Pi - Analog/Digital Konverter bei reichelt kaufen:C\:\\Users\\hagen\\Zotero\\storage\\IIKMQI4Y\\raspberry_pi_-_analog_digital_konverter-226847.html:text/html},
}
@misc{Zusammenschaltungmagnet,
	title = {{KY}-024 {Linearer}, magnetischer {Hall}-{Sensor} - {SensorKit}},
	url = {https://sensorkit.joy-it.net/de/sensors/ky-024},
	urldate = {2024-03-19},
	file = {KY-024 Linearer, magnetischer Hall-Sensor - SensorKit:C\:\\Users\\hagen\\Zotero\\storage\\ECQR8E7J\\ky-024.html:text/html},
}
@misc{mqtt,
	title = {{MQTT} für {Dummies}},
	url = {https://blog.doubleslash.de/mqtt-fuer-dummies},
	abstract = {Dieser Beitrag gibt eine kleine Einführung in die Funktionsweise von MQTT (Message Queue Telemetry Transport).},
	language = {de-DE},
	urldate = {2024-03-19},
	journal = {Business -Software- und IT-Blog - Wir gestalten digitale Wertschöpfung},
	author = {Mai, Marc},
	month = mar,
	year = {2016},
	file = {Snapshot:C\:\\Users\\hagen\\Zotero\\storage\\UCPAMNFJ\\mqtt-fuer-dummies.html:text/html},
}
@misc{mqtt-architecture,
	title = {{MQTT}-architecture.jpg.webp ({WEBP}-{Grafik}, 800 × 475 {Pixel})},
	url = {https://www.verytechnology.com/wp-content/uploads/2023/06/MQTT-architecture.jpg.webp},
	urldate = {2024-03-19},
}
@misc{Dash,
	title = {Dash {Documentation} \& {User} {Guide} {\textbar} {Plotly}},
	url = {https://dash.plotly.com/},
	urldate = {2024-03-19},
}
@misc{TeraTerm,
	title = {Tera {Term}},
	url = {https://sourceforge.net/projects/tera-term/},
	abstract = {Download Tera Term for free.  TeraTerm Project is developing the terminal emulator Tera Term and the SSH compatible extension module TTSSH. This is open source software under the BSD license.},
	language = {en},
	urldate = {2024-03-19},
	journal = {SourceForge},
	month = nov,
	year = {2023},
	file = {Snapshot:C\:\\Users\\hagen\\Zotero\\storage\\MU2VHGXK\\tera-term.html:text/html},
}
@misc{UDP,
	title = {User {Datagram} {Protocol}},
	copyright = {Creative Commons Attribution-ShareAlike License},
	url = {https://de.wikipedia.org/w/index.php?title=User_Datagram_Protocol&oldid=242735887},
	abstract = {Das User Datagram Protocol (UDP) ist ein minimales, verbindungsloses Netzwerkprotokoll, das zur Transportschicht der Internetprotokollfamilie gehört. UDP ermöglicht Anwendungen den Versand von Datagrammen in IP-basierten Rechnernetzen.
	UDP wurde 1980 von der Internet Engineering Task Force als Internetstandard veröffentlicht. Es wurde als Alternative zum Transmission Control Protocol für Anwendungen eingeführt, die keine zuverlässige Datenübertragung benötigen. Als frühe Anwendungszwecke wurden ein Vorläufer des Domain Name System und das Trivial File Transfer Protocol genannt. Zu den späteren Anwendungszwecken gehören unter anderem Onlinespiele und IP-Telefonie, da bei diesen Anwendungen eine geringe Verzögerungszeit wichtiger ist als eine zuverlässige Übertragung.},
	language = {de},
	urldate = {2024-03-20},
	journal = {Wikipedia},
	month = mar,
	year = {2024},
	note = {Page Version ID: 242735887},
	file = {Snapshot:C\:\\Users\\hagen\\Zotero\\storage\\ZLN5I9G8\\User_Datagram_Protocol.html:text/html},
}
@misc{BMM150,
	title = {{BMM150} {\textbar} {Bosch} {Sensortec} {Bewegungssensormodul} 3-{Achsen} {SMD} {I2C} / {SPI} {Digital} {\textbar} {RS}},
	url = {https://at.rs-online.com/web/p/bewegungssensor-ics/2457371?cm_mmc=AT-PPC-DS3A-_-google-_-DSA_AT_DE_Halbleiter_Index-_-Bewegungssensor+ICs%7C+Products-_-DYNAMIC+SEARCH+ADS&matchtype=&dsa-1654329450134&gad_source=1&gclid=CjwKCAjwkuqvBhAQEiwA65XxQP9VN1biIntS7zBuzc5rYth-NugztQtlXhkPJmtFZY61_vwQ6QHg3xoCVtYQAvD_BwE&gclsrc=aw.ds},
	urldate = {2024-03-20},
	file = {BMM150 | Bosch Sensortec Bewegungssensormodul 3-Achsen SMD I2C / SPI Digital | RS:C\:\\Users\\hagen\\Zotero\\storage\\UCCGRYZB\\2457371.html:text/html},
}
@misc{TCP-Handshake,
	title = {1*{IE}\_SkdCYUrY3HyQ5U59WZg.webp ({WEBP}-{Grafik}, 551 × 351 {Pixel})},
	url = {https://miro.medium.com/v2/resize:fit:828/format:webp/1*IE_SkdCYUrY3HyQ5U59WZg.png},
	urldate = {2024-03-20},
}
@misc{TCP,
	title = {Transmission {Control} {Protocol}},
	copyright = {Creative Commons Attribution-ShareAlike License},
	url = {https://de.wikipedia.org/w/index.php?title=Transmission_Control_Protocol&oldid=243014776#Daten%C3%BCbertragung},
	abstract = {Das Transmission Control Protocol (TCP, englisch für „Übertragungssteuerungsprotokoll“) ist ein Netzwerkprotokoll, das definiert, auf welche Art und Weise Daten zwischen Netzwerkkomponenten ausgetauscht werden sollen. Nahezu sämtliche aktuelle Betriebssysteme moderner Computer beherrschen TCP und nutzen es für den Datenaustausch mit anderen Rechnern. Das Protokoll ist ein zuverlässiges, verbindungsorientiertes, paketvermitteltes Transportprotokoll in Computernetzwerken. Es ist Teil der Internetprotokollfamilie, der Grundlage des Internets.
	Entwickelt wurde TCP von Robert E. Kahn und Vinton G. Cerf. Ihre Forschungsarbeit, die sie im Jahr 1973 begannen, dauerte mehrere Jahre. Die erste Standardisierung von TCP erfolgte deshalb erst im Jahr 1981 als RFC 793. Danach gab es viele Erweiterungen, die bis heute in neuen RFCs, einer Reihe von technischen und organisatorischen Dokumenten zum Internet, spezifiziert werden. RFC 9293 bündelt die ursprüngliche Fassung und alle ihre Erweiterungen in ein einziges Dokument.
	Im Unterschied zum verbindungslosen UDP (englisch User Datagram Protocol) stellt TCP eine Verbindung zwischen zwei Endpunkten einer Netzverbindung (Sockets) her. Auf dieser Verbindung können in beide Richtungen Daten übertragen werden. TCP setzt in den meisten Fällen auf das IP (Internet-Protokoll) auf, weshalb häufig (und oft nicht ganz korrekt) auch vom „TCP/IP-Protokoll“ die Rede ist. In Protokollstapeln wie dem OSI-Modell sind TCP und IP nicht auf derselben Schicht angesiedelt. TCP ist eine Implementierung der Transportschicht.
	Aufgrund seiner vielen positiven Eigenschaften (Datenverluste werden erkannt und automatisch behoben, Datenübertragung ist in beiden Richtungen möglich, Netzüberlastung wird verhindert usw.) ist TCP ein sehr weit verbreitetes Protokoll zur Datenübertragung. Beispielsweise wurde TCP lange Zeit als fast ausschließliches Transportprotokoll für das WWW, E-Mail und viele andere populäre Netzdienste verwendet. Im WWW bekommt TCP Konkurrenz durch das verschlüsselte Transportprotokoll QUIC, das im Jahr 2021 standardisiert wurde.},
	language = {de},
	urldate = {2024-03-20},
	journal = {Wikipedia},
	month = mar,
	year = {2024},
	note = {Page Version ID: 243014776},
	file = {Snapshot:C\:\\Users\\hagen\\Zotero\\storage\\UHFRXRC5\\Transmission_Control_Protocol.html:text/html},
}
@misc{ADXL345,
	title = {{ADXL345} - {Acceleration} {Sensor}},
	url = {https://electronics.semaf.at/ADXL345-Acceleration-Sensor},
	abstract = {The ADXL345 - Acceleration Sensor from Analog Devices, is a triple-axis accelerometer with digital I2C and SPI interface We added an on-board 3 3V regulator},
	language = {de},
	urldate = {2024-03-20},
	journal = {ADXL345 - Acceleration Sensor},
	file = {Snapshot:C\:\\Users\\hagen\\Zotero\\storage\\YM6ITXHM\\ADXL345-Acceleration-Sensor.html:text/html},
}
@misc{TMP112,
	title = {{TMP112}-{Q1} {Datenblatt}, {Produktinformationen} und {Support} {\textbar} {TI}.com},
	url = {https://www.ti.com/product/de-de/TMP112-Q1},
	urldate = {2024-03-20},
}
@misc{BME688,
	title = {{BME} 688: {KI}-{Kombo}-{Sensor}, {Luftdruck}/{Luftfeuchtigkeit}/{Temp}./{Gas} bei reichelt kaufen},
	url = {https://www.reichelt.at/at/de/shopat/produkt/ki-kombo-sensor_luftdruck_luftfeuchtigkeit_temp_gas-306044?q=%2Fat%2Fde%2Fshopat%2Fki-kombo-sensor-luftdruck-luftfeuchtigkeit-temp-gas-bme-688-p306044.html},
	urldate = {2024-03-20},
	file = {BME 688\: KI-Kombo-Sensor, Luftdruck/Luftfeuchtigkeit/Temp./Gas bei reichelt kaufen:C\:\\Users\\hagen\\Zotero\\storage\\DARADAWC\\ki-kombo-sensor_luftdruck_luftfeuchtigkeit_temp_gas-306044.html:text/html},
}
@misc{Cosmic,
	title = {Cosmic {Rays} {Exposure}},
	url = {https://laradioactivite.com/in_daily_life/dose_cosmic},
	abstract = {The Earth is permanently bombarded by energetic particles, cosmic rays, coming from space or produced in the atmosphere},
	language = {EN},
	urldate = {2024-03-20},
	journal = {laradioactivite.com},
	file = {Snapshot:C\:\\Users\\hagen\\Zotero\\storage\\FXF8JUQ2\\dose_cosmic.html:text/html},
}
@misc{Erdmagnetfeld,
	title = {Erdmagnetfeld – {Wikipedia}},
	url = {https://de.wikipedia.org/wiki/Erdmagnetfeld#:~:text=Am},
	urldate = {2024-03-20},
}
@misc{Widerstand,
	title = {Screen {Shot} 2020-07-02 at 10.47.48 {AM}.webp ({WEBP}-{Grafik}, 1300 × 766 {Pixel}) - {Skaliert} (74\%)},
	url = {https://resources.altium.com/sites/default/files/styles/max_width_1300/public/inline-images/Screen%20Shot%202020-07-02%20at%2010.47.48%20AM.webp?itok=dBVocRIO},
	urldate = {2024-03-20},
}
@misc{WiderstandTheorie,
	title = {Elektrischer {Widerstand} • {Definition} und {Formeln}},
	url = {https://studyflix.de/elektrotechnik/elektrischer-widerstand-3284},
	abstract = {Elektrischer Widerstand: einfach erklärt ✅ Elektrischer Widerstand Einheit ✅ Reihen- und Parallelschaltung ✅ mit kostenlosem Video},
	language = {de},
	urldate = {2024-03-20},
	journal = {Studyflix},
}
@misc{BC547,
	title = {{BC547} {Transistor} » {Aufbau} \& {Funktionsweise} anschaulich erklärt},
	url = {https://www.conrad.at/de/ratgeber/industrie-40/elektronik-bauteile/bc547.html},
	abstract = {Wie funktioniert der BC547 Transistor? Aufbau \& Funktion des Bipolartransistors ✓ Vergleich zu alternativen Transistoren ✓ Jetzt Wissen erweitern »},
	language = {de-AT},
	urldate = {2024-03-20},
	file = {Snapshot:C\:\\Users\\hagen\\Zotero\\storage\\FLF4SCL9\\bc547.html:text/html},
}
@misc{BC54712,
	title = {{BC547} {NPN} {Bipolartransistor} - {Funktion} \& {Schaltung} {\textbar} e-hack},
	url = {https://www.e-hack.de/vorstellung-bc547-npn-bipolar-junction-transistor/},
	abstract = {Der BC547 ist ein NPN-Bipolartransistor mit bipolarer Sperrschicht (Bipolar Junction Transistor) und kann für Verstärker und Schalter verwendet werden.},
	language = {de-DE},
	urldate = {2024-03-20},
	author = {http://e-hack},
	month = jul,
	year = {2020},
	note = {Section: Elektronische Bauelemente},
	file = {Snapshot:C\:\\Users\\hagen\\Zotero\\storage\\SYVKWNEQ\\vorstellung-bc547-npn-bipolar-junction-transistor.html:text/html},
}
@misc{Arduino,
	title = {Arduino - {Home}},
	url = {https://www.arduino.cc/},
	urldate = {2024-03-20},
	file = {Arduino - Home:C\:\\Users\\hagen\\Zotero\\storage\\HWY6HITN\\www.arduino.cc.html:text/html},
}
@misc{BC547Bild,
	title = {{BC547} {Transistor}: {Basic} {Knowledge}, {Pin} {Configuration} \& {Features}},
	shorttitle = {{BC547} {Transistor}},
	url = {https://robocraze.com/blogs/post/what-is-bc547-transistor},
	abstract = {In this blog we have covered What is BC547 Transistor, Features, Working \&Applications},
	language = {en},
	urldate = {2024-03-20},
	journal = {Robocraze},
	month = mar,
	year = {2024},
}
@misc{Kuehlung,
	title = {Emerio {Verdunstungskühler}, {Luftkühler}, für eine angenehme kühle {Brise}, {Ventilator} {Funktion}, 2 {Geschwindigkeitseinstellungen}, {AC}-116964, weiß/blau : {Amazon}.de: {Küche}, {Haushalt} \& {Wohnen}},
	url = {https://www.amazon.de/Emerio-Verdunstungsk%C3%BChler-Luftk%C3%BChler-Ventilator-Geschwindigkeitseinstellungen/dp/B0893QFYNP},
	urldate = {2024-03-20},
}

@misc{I2CMode,
	title = {I²{C} {Slave} {Mode}},
	url = {https://onlinedocs.microchip.com/pr/GUID-CA6B1F8F-E09D-4780-A52A-CBBF61902464-en-US-2/index.html?GUID-5CCAB0DB-28BD-4095-B2E2-2F3CF0FC6966},
	urldate = {2024-04-05},
	file = {I²C Slave Mode:C\:\\Users\\hagen\\Zotero\\storage\\LDJMFEFI\\index.html:text/html},
}
@misc{SchaltungLüfter,
	title = {Arduino {Lüfter} {Steuerung} ᐅ {Schritt} für {Schritt} {Anleitung}},
	url = {https://nerd-corner.com/de/arduino-luefter-steuerung/},
	abstract = {Erklärung wie man eine Arduino Lüfter Steuerung baut. Enthält eine Liste der Bauteile, Verkabelung und Arduino Code.},
	language = {de-DE},
	urldate = {2024-04-05},
	journal = {Nerd Corner},
	author = {Nerds},
	month = feb,
	year = {2021},
	file = {Snapshot:C\:\\Users\\hagen\\Zotero\\storage\\XFCZ6GWB\\arduino-luefter-steuerung.html:text/html},
}
@misc{Spectra,
	title = {Spectra-{Physics} {Rankweil}},
	url = {https://www.spectra-physics.com/en/company/rankweil-de},
	urldate = {2024-04-05},
	file = {Spectra-Physics Rankweil:C\:\\Users\\hagen\\Zotero\\storage\\A2QP82HA\\rankweil-de.html:text/html},
}
